<?xml version="1.0" encoding="utf-8"?>
<record xmlns="http://www.loc.gov/MARC21/slim" xmlns:xsi="http://www.w3.org/2001/XMLSchema-instance" xsi:schemaLocation="http://www.loc.gov/MARC21/slim http://www.loc.gov/standards/marcxml/schema/MARC21slim.xsd">
	<leader>     nam a22        4500</leader>
	<controlfield tag="001">b12335265</controlfield>
	<controlfield tag="003">LeBAU</controlfield>
	<controlfield tag="006">m        d        </controlfield>
	<controlfield tag="007">cr cn |||m|||a</controlfield>
	<controlfield tag="008">170718s1932    le      o     ||0 0 ara d</controlfield>
	<datafield ind1=" " ind2=" " tag="040">
		<subfield code="a">NNU</subfield>
		<subfield code="b">ara</subfield>
		<subfield code="e">rda</subfield>
		<subfield code="c">NNU</subfield>
	</datafield>
	<datafield ind1="0" ind2="4" tag="082">
		<subfield code="a">297.08</subfield>
		<subfield code="2">20</subfield>
	</datafield>
	<datafield ind1="1" ind2=" " tag="100">
		<subfield code="6">880-01</subfield>
		<subfield code="a">ʻAjlūnī, Ismāʻīl ibn Muḥammad,</subfield>
		<subfield code="d">1676 or 1677-1748 or 1749,</subfield>
		<subfield code="e">author.</subfield>
	</datafield>
	<datafield ind1="1" ind2="0" tag="245">
		<subfield code="6">880-02</subfield>
		<subfield code="a">Kashf al-khafāʼ wa-muzīl al-ilbās ʻammā ishtahara min al-aḥādīth ʻalá alsinat al-nās /</subfield>
		<subfield code="c">lil-mufassir al-muḥaddith al-Shaykh Ismāʻīl ibn Muḥammad al-ʻAjlūnī al-Jarrāḥī al-mutawaffá sanat 1162 H.</subfield>
	</datafield>
	<datafield ind1=" " ind2=" " tag="250">
		<subfield code="6">880-03</subfield>
		<subfield code="a">al-Ṭab‘ah al-thānīyah.</subfield>
	</datafield>
	<datafield ind1=" " ind2="1" tag="264">
		<subfield code="6">880-04</subfield>
		<subfield code="a">Bayrūt :</subfield>
		<subfield code="b">Dār Iḥyāʼ al-Turāth al-ʻArabī,</subfield>
		<subfield code="c">1351-1352 H., [1932-1933? M.]</subfield>
	</datafield>
	<datafield ind1=" " ind2=" " tag="300">
		<subfield code="6">880-05</subfield>
		<subfield code="a">online resource (2 volumes)</subfield>
	</datafield>
	<datafield ind1=" " ind2=" " tag="336">
		<subfield code="a">text</subfield>
		<subfield code="2">rdacontent</subfield>
	</datafield>
	<datafield ind1=" " ind2=" " tag="337">
		<subfield code="a">computer</subfield>
		<subfield code="2">rdamedia</subfield>
	</datafield>
	<datafield ind1=" " ind2=" " tag="338">
		<subfield code="a">online resource</subfield>
		<subfield code="2">rdacarrier</subfield>
	</datafield>
	<datafield ind1=" " ind2=" " tag="500">
		<subfield code="a">&quot;عن نسخة كتبت برسم فخر الأشراف السيد سعيد بن الحافظ الشيخ أحمد الحلبي العطار، مع المقابلة بنسخة خزانة آل العطار بدمشق ومعارضة الملتبس منهما بنسخة دار الكتب المصرية وغيرها&quot;--صفحة العنوان.</subfield>
	</datafield>
	<datafield ind1=" " ind2=" " tag="500">
		<subfield code="a">Part of the Arabic Collections Online (ACO) project, contributed by American University of Beirut's Jafet Memorial Library.</subfield>
	</datafield>
	<datafield ind1="3" ind2=" " tag="520">
		<subfield code="a">هذا كتاب جمع فيه مصنفه زهاء ثلاثة آلاف ومائتي حديث مما اشتهر على ألسنة الناس، فأوضح طيبها وخبيثها بعرضها على ميزان الجرح والتعديل، وصوب ما لحقها من تحريف وزيادة أو نقصان، ودل على ما كان منها من قبيل الحكم المأثورة، وسرد ما يقارب معنى بعضها من السنن، وشرح معاني الآثار، ببسط قد لا يوجد بعضه مجموعا في غيره، واعتمد في تصنيفه على أوثق ما كتب في هذا الباب وهو «المقاصد الحسنة» للسخاوي، واستدرك عليه مما في مؤلفات الثقات كابن حجر والسيوطي والنجم الغزى وابن الجوزي والصغاني وملا على القاري، ووضع للكتاب خاتمة أبطل فيها نسبة بعض مصنفات اشتهرت بنسبتها لأناس كذبًا، وانتهى إلى ذكر ضوابط جامعة في الموضوعات.</subfield>
	</datafield>
	<datafield ind1=" " ind2=" " tag="533">
		<subfield code="a">Electronic reproduction.</subfield>
		<subfield code="b">New York, N.Y. :</subfield>
		<subfield code="c">New York University,</subfield>
		<subfield code="d">2017.</subfield>
		<subfield code="5">NNU</subfield>
	</datafield>
	<datafield ind1=" " ind2=" " tag="588">
		<subfield code="a"> مستخلص كتاب  كشف الخفاء ومزيل الإلباس عما اشتهر من الأحاديث على ألسنة الناس  أخذ من موقع نداء الايمان : http://www.al-eman.com/ (تاريخ زيارة الموقع: 03/10/2016)</subfield>
	</datafield>
	<datafield ind1=" " ind2="4" tag="650">
		<subfield code="a">الحديث</subfield>
		<subfield code="x">الجرح والتعديل.</subfield>
	</datafield>
	<datafield ind1=" " ind2="4" tag="650">
		<subfield code="a">الحديث</subfield>
		<subfield code="x">إسناد.</subfield>
	</datafield>
	<datafield ind1=" " ind2="0" tag="650">
		<subfield code="a">Hadith</subfield>
		<subfield code="x">Jarh and Ta'dil.</subfield>
	</datafield>
	<datafield ind1=" " ind2="0" tag="650">
		<subfield code="a">Hadith</subfield>
		<subfield code="x">Evidences, authority, etc..</subfield>
	</datafield>
	<datafield ind1="1" ind2="2" tag="700">
		<subfield code="6">880-06</subfield>
		<subfield code="a">Sakhāwī, Muḥammad ibn ʻAbd al-Raḥmān,</subfield>
		<subfield code="d">1427 or 1428-1497.</subfield>
		<subfield code="t">Maqāṣīd al-ḥasanah.</subfield>
	</datafield>
	<datafield ind1="2" ind2=" " tag="710">
		<subfield code="a">Jafet Memorial Library.</subfield>
	</datafield>
	<datafield ind1="0" ind2=" " tag="730">
		<subfield code="a">Arabic Collections Online.</subfield>
	</datafield>
	<datafield ind1="0" ind2="8" tag="776">
		<subfield code="i">Print version:</subfield>
		<subfield code="a">ʻAjlūnī, Ismāʻīl ibn Muḥammad, 1676 or 1677-1748 or 1749, author.</subfield>
		<subfield code="t">Kashf al-khafāʼ wa-muzīl al-ilbās ʻammā ishtahara min al-aḥādīth ʻalá alsinat al-nās</subfield>
		<subfield code="w">(LeBAU)b12335265</subfield>
	</datafield>
	<datafield ind1="4" ind2="0" tag="856">
		<subfield code="u">http://hdl.handle.net/2333.1/8pk0p7gp</subfield>
	</datafield>
	<datafield ind1="1" ind2=" " tag="880">
		<subfield code="6">100-01/(3/r</subfield>
		<subfield code="a">العجلوني، اسماعيل بن محمد،</subfield>
		<subfield code="d">1676 او 1677-1748 او 1749،</subfield>
		<subfield code="e">مؤلف. </subfield>
		<subfield code="4">aut.</subfield>
	</datafield>
	<datafield ind1="1" ind2="0" tag="880">
		<subfield code="6">245-02/(3/r</subfield>
		<subfield code="a">كشف الخفاء ومزيل الإلباس عما إشتهر من الأحاديث على ألسنة الناس /</subfield>
		<subfield code="c">للمفسر المحدث الشيخ إسماعيل بن محمد العجلوني الجراحي المتوفى سنة 1162 هـ.</subfield>
	</datafield>
	<datafield ind1=" " ind2=" " tag="880">
		<subfield code="6">250-03/(3/r</subfield>
		<subfield code="a">الطبعة الثانية.</subfield>
	</datafield>
	<datafield ind1=" " ind2="1" tag="880">
		<subfield code="6">264-04/(3/r</subfield>
		<subfield code="a">بيروت :</subfield>
		<subfield code="b">دار إحياء التراث العربي،</subfield>
		<subfield code="c">1351-1352 هـ.، [1932-1933؟ م.]</subfield>
	</datafield>
	<datafield ind1=" " ind2=" " tag="880">
		<subfield code="6">300-05/(3/r</subfield>
		<subfield code="a">2 جزء ؛</subfield>
		<subfield code="c">24 سم</subfield>
	</datafield>
	<datafield ind1="1" ind2="2" tag="880">
		<subfield code="6">700-06/(3/r</subfield>
		<subfield code="a">السخاوي، محمد بن عبد الرحمن،</subfield>
		<subfield code="d">1427 او 1428-1497.</subfield>
		<subfield code="t">المقاصد الحسنة.</subfield>
	</datafield>
	<datafield ind1=" " ind2=" " tag="959">
		<subfield code="a">NNU</subfield>
		<subfield code="b">WEB</subfield>
		<subfield code="c">GENI</subfield>
		<subfield code="t">0</subfield>
		<subfield code="m">Electronic access</subfield>
		<subfield code="s">01</subfield>
	</datafield>
	<datafield ind1=" " ind2=" " tag="999">
		<subfield code="i">LeBAU_b12335265</subfield>
		<subfield code="s">aub_aco001080:v.1</subfield>
		<subfield code="s">aub_aco001081:v.2</subfield>
		<subfield code="e">(ERROR-MISC)</subfield>
	</datafield>
</record>
